<?xml version="1.0" encoding="UTF-8"?><collection xmlns="http://www.loc.gov/MARC21/slim"><record><leader>00432nam--2200145-i-4500</leader><controlfield tag="001">000008125</controlfield><controlfield tag="002">20161230</controlfield><controlfield tag="005">20161230201027</controlfield><controlfield tag="008">060222s1000------------r-----000-0-eng-d</controlfield><datafield ind1=" " ind2=" " tag="080"><subfield code="a">389.1</subfield></datafield><datafield ind1=" " ind2=" " tag="100"><subfield code="a">Anderton, Pamela And Bigg, P.H</subfield></datafield><datafield ind1=" " ind2=" " tag="245"><subfield code="a">Changing to the metric system. conversion factors, symbols and definition. 2nd edition</subfield></datafield><datafield ind1=" " ind2=" " tag="260"><subfield code="a">London, H.M.S.O., 1967 48 P</subfield></datafield><datafield ind1=" " ind2=" " tag="490"><subfield code="a">National Physical Laboratory</subfield></datafield><datafield ind1=" " ind2=" " tag="852"><subfield code="a">27313</subfield></datafield></record></collection>